% Bib file containing references

@online{MicroservicesResourceGuide,
	author = { James Lewis, Martin Fowler },
    title = { Microservices Resource Guide},
    year = { 2014 - 2017 },
    url = { https://martinfowler.com/microservices/ 	},
}

@conference{GOTOConference,
    author = { Martin Fowler },
    title = { GOTO Conference Berlin 2014, Microservices },
    year = { 2014 },
    url = { https://www.youtube.com/watch?v=wgdBVIX9ifA }
}

@book{BuildingMicroServices,
	author = { Sam Newmann },
    title = { Building Microservices },
    year = { 2014 },
    publisher = { O'Reilly },
    isbn = { 9781491950357 },
}

@article{MicroservicesYesterdayTodayTomorrow,
  author = {Dragoni, Nicola and Giallorenzo, Saverio and Lluch-Lafuente, Alberto and Mazzara, Manuel and Montesi, Fabrizio and Mustafin, Ruslan and Safina, Larisa},
  year = {2016},
  month = {06},
  pages = {},
  title = {Microservices: yesterday, today, and tomorrow}
}